@article{1,
		AUTHOR = "Bowers et al., P. M.", 
		TITLE = "Use of Logic Relationships to Decipher Protein Network Organization.",
		journal = {Science},
		YEAR = 2004}
		
@article{12,
		AUTHOR = "Giot et al., L.", 
		TITLE = "A Protein Interaction Map of Drosophila melanogaster.",
		journal = {Science},
		YEAR = 2003}
		
@article{10,
		AUTHOR = "Li et al., S.", 
		TITLE = "A Map of the Interactome Network of the Metazoan C. elegans.",
		journal = {Science},
		YEAR = 2004}
		
@article{11,
		AUTHOR = "Strong et al., M.", 
		TITLE = "Inference of protein function and protein linkages in Mycobacterium tuberculosis based on prokaryotic genome organization: a combined computational approach.",
		journal = {Genome Biol.},
		YEAR = 2003}		
		
@article{13,
		AUTHOR = "Bowers et al., P. M.", 
		TITLE = "Prolinks: a database of protein functional linkages derived from coevolution.",
		journal = {Genome Biol.},
		YEAR = 2004}
		
@article{14,
		AUTHOR = "von Mering et al., C.", 
		TITLE = "STRING: a database of predicted functional associations between proteins.",
		journal = {Nucleic Acids Res.},
		YEAR = 2003}
		
@article{15,
		AUTHOR = "Tong et al., A. H.", 
		TITLE = "Global mapping of the yeast genetic interaction network.",
		journal = {Science},
		YEAR = 2004}	 
		
@article{40,
		AUTHOR = "Pellegrini et al., M.", 
		TITLE = "Assigning protein functions by comparative genome analysis: protein phylogenetic profiles.",
		journal = {Proc. Natl. Acad. Sci. U.S.A},
		YEAR = 1999}	?
@article{41,
		AUTHOR = "Pellegrini et al., M.", 
		TITLE = "Computational method to assign microbial genes to pathways.",
		journal = {J. Cell. Biochem. Suppl.},
		YEAR = 2001}	
		
@article{42,
		AUTHOR = "Wu et al., J.", 
		TITLE = "Identification of functional links between genes using phylogenetic profiles.",
		journal = {Bioinformatics},
		YEAR = 2003}			??@article{43,
		AUTHOR = "Morett et al., E.", 
		TITLE = "GeConT: gene context analysis.",
		journal = {Nat. Biotechnol.},
		YEAR = 2004}	
		
 @article{44,
		AUTHOR = "S. V. Date, E. M. Marcotte.", 
		TITLE = "Discovery of uncharacterized cellular systems by genome-wide analysis of functional linkages.",
		journal = {Nat. Biotechnol.},
		YEAR = 2003}	
		
 @article{2,
		AUTHOR = "Snel et al., B.",
		TITLE = "STRING: a web-server to retrieve and display the repeatedly occurring neighbourhood of a gene.",
		journal = {Nucleic Acids Res.},
		YEAR = 2000}	
		
 @article{34,
		AUTHOR = "Dandekar et al., T.",
		TITLE = "Conservation of gene order: a fingerprint of proteins that physically interact.",
		journal = {Trends Biochem. Sci.},
		YEAR = 1998}	?
 @article{35,
		AUTHOR = "Overbeek et al., R.",
		TITLE = "Use of Contiguity on the Chromosome to Predict Functional Coupling.",
		journal = {In Silico Biol.},
		YEAR = 1998}	
		
 @article{36,
		AUTHOR = "Overbeek et al., R.",
		TITLE = "The use of gene clusters to infer functional coupling.",
		journal = {Proc. Natl Acad. Sci. USA},
		YEAR = 1999}	
		
 @article{37,
		AUTHOR = "Mushegian,A.R. and Koonin,E.V. ",
		journal = {Trends Genet., 12, 289-290},
		YEAR = 1996}	

 @article{38,
		AUTHOR = "Tamames et al.,J.",
		journal = {J. Mol. Evol., 44, 66-73},
		YEAR = 1997}	
		
 @article{39,
		AUTHOR = "Watanabe et al.,H.",
		journal = {J. Mol. Evol., 44, S57-S64},
		YEAR = 1997}	
		
 @article{3,
		AUTHOR = "Szklarczyk et al.,D.",
		TITLE = "The STRING database in 2011: functional interaction networks of proteins, globally integrated and scored.",
		journal = {Nucleic Acids Res.},
		YEAR = 2011}		
		
@article{21,
		AUTHOR = "Pattin,K.A. and Moore,J.H. ",
		TITLE = "Role for protein-protein interaction databases in human genetics.",
		journal = {Expert Rev. Proteomics},
		YEAR = 2009}		
		
@article{22,
		AUTHOR = "Emily et al., M.",
		TITLE = "Using biological networks to search for interacting loci in genome-wide association studies.",
		journal = {Eur. J. Hum. Genet.},
		YEAR = 2009}			
		
@article{23,
		AUTHOR = "Pujol et al., A.",
		TITLE = "Unveiling the role of network and systems biology in drug discovery.",
		journal = {Trends Pharmacol. Sci.},
		YEAR = 2010}	
		
@article{24,
		AUTHOR = "Klipp et al., E.",
		TITLE = "Biochemical network-based drug-target prediction.",
		journal = {Curr. Opin. Biotechnol.},
		YEAR = 2010}	
				
@article{25,
		AUTHOR = "Janga et al., S. C.",
		TITLE = "Network-based function prediction and interactomics: The case for metabolic enzymes.",
		journal = {Metab. Eng.},
		YEAR = 2010}	
		
@article{26,
		AUTHOR = "Orth,J.D. and Palsson,B.O.",
		TITLE = "Systematizing the generation of missing metabolic knowledge.",
		journal = {Biotechnol. Bioeng. 107, 403-412},
		YEAR = 2010}
		
@article{27,
		AUTHOR = "Wang,P.I. and Marcotte,E.M.",
		TITLE = "It?s the machine that matters: Predicting gene function and phenotype from protein networks.",
		journal = {J. Proteomics, 73, 2277-2289},
		YEAR = 2010}

@article{28,
		AUTHOR = "Lage et al.,K.",
		TITLE = "A human phenome-interactome network of protein complexes implicated in genetic disorders.",
		journal = {Nat. Biotechnol., 25, 309-316},
		YEAR = 2007}
		
@article{46,
		AUTHOR = "Kanehisa et al.,M.",
		TITLE = "KEGG for representation and analysis of molecular networks involving diseases and drugs.",
		journal = {Nucleic Acids Res., 38, D355-D360},
		YEAR = 2010}
		
@article{4,
		AUTHOR = "Huynen et al.,M.",
		TITLE = "Function prediction and protein networks",
		journal = {Current Opinion in Cell Biology},
		YEAR = 2003}
		
@article{5,
		AUTHOR = "Huynen et al.,M.",
		TITLE = "Predicting Protein Function by Genomic Context: Quantitative Evaluation and Qualitative Inferences",
		journal = {Genome Res.},
		YEAR = 2000}
		
@article{6,
		AUTHOR = "von Mering et al., C.", 
		TITLE = "STRING: a database of predicted functional associations between proteins",
		journal = {Nucleic Acids Res.},
		YEAR = 2003}
		
@article{45,
		AUTHOR = "Huynen MA and Snel B.", 
		TITLE = "Exploiting the variations in the genomic associations of genes to predict pathways and reconstruct their evolution.",
		journal = {In Frontiers in Computational Genomics},
		YEAR = 2000}
		
@article{18,
		AUTHOR = "Galperin M.Y. and Koonin E.V.", 
		TITLE = "Who's your neighbor? New computational approaches for functional genomics.",
		journal = {Nat. Biotechnol., 18, 609-613},
		YEAR = 2000}
		
@article{17,
		AUTHOR = "Huynen et al., M. A.", 
		TITLE = "Exploitation of gene context.",
		journal = {Curr. Opin. Struct. Biology},
		YEAR = 2000}
		
@article{7,
		AUTHOR = "Overbeek et al., R.", 
		TITLE = "The use of gene clusters to infer functional coupling.",
		journal = {Proc. Natl. Acad. Sci. USA Vol. 96, pp. 2896-2901},
		YEAR = 1999}

@article{8,
		AUTHOR = "Wu et al., J.", 
		TITLE = "Deciphering Protein Network Organization Using Phylogenetic Profile Groups.",
		journal = {Genome Informatics},
		YEAR = 2005}
		
@article{9,
		AUTHOR = "Dellas et al., N.", 
		TITLE = "Discovery of a metabolic alternative to the classical mevalonate pathway",
		journal = {eLIFE},
		YEAR = 2013}
		
@article{19,
		AUTHOR = "Marcotte, E. M.", 
		TITLE = "Computational genetics: finding protein function by nonhomology methods.",
		journal = {Curr. Opin. Struct. Biol., 10, 359-365},
		YEAR = 2000}

@article{29,
		AUTHOR = "Date S.V. and Marcotte E.M.", 
		TITLE = "Discovery of uncharacterized cellular systems by genome-wide analysis of functional linkages.",
		journal = {Nat. Biotechnol., 21(9):1055-1062},
		YEAR = 2003}
		
@article{31,
		AUTHOR = "Wu et al., J.", 
		TITLE = "Identification of functional links between genes using phylogenetic profiles.",
		journal = {Bioinformatics, 19(12):1524-1530},
		YEAR = 2003}	
		
@article{33,
		AUTHOR = "Vazquez et al., A.", 
		TITLE = "Global protein function prediction from protein-protein interaction networks.",
		journal = {Nat. Biotechnol., 21(6):697-700},
		YEAR = 2003}
		
@article{30,
		AUTHOR = "Pellegrini et al., M.", 
		TITLE = "Assigning protein functions by comparative genome analysis: Protein phylogenetic profiles.",
		journal = {Proc. Natl. Acad. Sci. USA, 96:4285-4288},
		YEAR = 1999}

@article{32,
		AUTHOR = "Enright et al., A. J.", 
		TITLE = "Protein interaction maps for complete genomes based on gene fusion events.",
		journal = {Nature, 402:86-90},
		YEAR = 2001}
		
@article{47,
		AUTHOR = "Aravind,L.", 
		TITLE = "Guilt by association: Contextual information in genome analysis.",
		journal = {Genome Res., 8:1074?1077},
		YEAR = 2000}
				






		
